<?xml version="1.0" encoding="UTF-8"?><collection xmlns="http://www.loc.gov/MARC21/slim"><record><leader>00524nam--2200169-u-4500</leader><controlfield tag="001">000055015</controlfield><controlfield tag="002">20161230</controlfield><controlfield tag="005">20161230201051</controlfield><controlfield tag="008">121022s1000------------r-----000-0-eng-d</controlfield><datafield ind1=" " ind2=" " tag="020"><subfield code="a">978599025463</subfield></datafield><datafield ind1=" " ind2=" " tag="040"><subfield code="a">IFIN-HH</subfield></datafield><datafield ind1="1" ind2=" " tag="100"><subfield code="a">Gorbatov, A.M</subfield></datafield><datafield ind1="1" ind2="0" tag="245"><subfield code="a">Quabtum theory of nucleon systems</subfield><subfield code="b">Translated from the russian edition by gil pontecorvo, joint institute for nuclear research</subfield><subfield code="c">A.m. gorbatov</subfield></datafield><datafield ind1=" " ind2=" " tag="260"><subfield code="a">Tver, Russia</subfield><subfield code="b">Al'Batros</subfield><subfield code="c">2011</subfield></datafield><datafield ind1=" " ind2=" " tag="300"><subfield code="a">804P</subfield></datafield><datafield ind1=" " ind2=" " tag="852"><subfield code="a">82341</subfield><subfield code="c">539.2</subfield></datafield><datafield ind1=" " ind2=" " tag="CAT"><subfield code="a">Sys</subfield><subfield code="c">20121121</subfield><subfield code="h">125523</subfield></datafield></record></collection>